<?xml version="1.0" encoding="UTF-8"?><collection xmlns="http://www.loc.gov/MARC21/slim"><record><leader>00492nam--2200133-i-4500</leader><controlfield tag="001">000028208</controlfield><controlfield tag="002">20161230</controlfield><controlfield tag="005">20161230201037</controlfield><controlfield tag="008">060222s1000------------r-----000-0-eng-d</controlfield><datafield ind1=" " ind2=" " tag="100"><subfield code="a">Leimanis, E., Minorsky, N</subfield></datafield><datafield ind1=" " ind2=" " tag="245"><subfield code="a">Dynamics and nonlinear mechanics: some recent advances i the dynamics of rigid bodies and celestial mechanics. the theory of oscillations</subfield></datafield><datafield ind1=" " ind2=" " tag="260"><subfield code="a">New York, John Wiley &amp; Sons, Inc., 1958, Xii + 206p</subfield></datafield><datafield ind1=" " ind2=" " tag="490"><subfield code="a">Vol.Ii Of Surveys In Applied Mathematics</subfield></datafield><datafield ind1=" " ind2=" " tag="852"><subfield code="a">14537</subfield></datafield></record></collection>